p1 is RandomPlayerAI                                                                                                    p2 is RandomPlayerAI                                                                                                    |t:|1743371817                                                                                                          |gametype|singles                                                                                                       |player|p1|Bot 1||                                                                                                      |player|p2|Bot 2||                                                                                                      |teamsize|p1|6                                                                                                          |teamsize|p2|6                                                                                                          |gen|7                                                                                                                  |tier|[Gen 7] Custom Game                                                                                               |clearpoke                                                                                                              |poke|p1|Ditto, L83|item                                                                                                |poke|p1|Bibarel, L89, M|item                                                                                           |poke|p1|Torterra, L88, M|item                                                                                          |poke|p1|Meowstic-F, L90, F|item                                                                                        |poke|p1|Rotom-Fan, L85|item                                                                                            |poke|p1|Gigalith, L82, M|item                                                                                          |poke|p2|Luxray, L88, M|item                                                                                            |poke|p2|Slaking, L84, M|item                                                                                           |poke|p2|Manectric, L78, M|item                                                                                         |poke|p2|Girafarig, L95, F|item                                                                                         |poke|p2|Noivern, L83, F|item                                                                                           |poke|p2|Hitmontop, L89, M|item                                                                                         |teampreview                                                                                                            |                                                                                                                       |t:|1743371817                                                                                                          |start                                                                                                                  |switch|p1a: Ditto|Ditto, L83|215/215                                                                                   |switch|p2a: Luxray|Luxray, L88, M|284/284                                                                              |-transform|p1a: Ditto|p2a: Luxray|[from] ability: Imposter                                                             |turn|1                                                                                                                 |                                                                                                                       |t:|1743371817                                                                                                          |move|p1a: Ditto|Facade|p2a: Luxray                                                                                     |-damage|p2a: Luxray|223/284                                                                                            |move|p2a: Luxray|Superpower|p1a: Ditto                                                                                 |-damage|p1a: Ditto|110/215                                                                                             |-unboost|p2a: Luxray|atk|1                                                                                             |-unboost|p2a: Luxray|def|1                                                                                             |                                                                                                                       |-status|p2a: Luxray|brn|[from] item: Flame Orb                                                                         |upkeep                                                                                                                 |turn|2                                                                                                                 |                                                                                                                       |t:|1743371817                                                                                                          |move|p1a: Ditto|Facade|p2a: Luxray                                                                                     |-damage|p2a: Luxray|128/284 brn                                                                                        |move|p2a: Luxray|Superpower|p1a: Ditto                                                                                 |-damage|p1a: Ditto|0 fnt                                                                                               |-unboost|p2a: Luxray|atk|1                                                                                             |-unboost|p2a: Luxray|def|1                                                                                             |faint|p1a: Ditto                                                                                                       |                                                                                                                       |-damage|p2a: Luxray|111/284 brn|[from] brn                                                                             |upkeep                                                                                                                 |                                                                                                                       |t:|1743371817                                                                                                          |switch|p1a: Rotom|Rotom-Fan, L85|224/224                                                                               |turn|3                                                                                                                 |                                                                                                                       |t:|1743371817                                                                                                          |move|p1a: Rotom|Defog|p2a: Luxray                                                                                      |-unboost|p2a: Luxray|evasion|1                                                                                         |move|p2a: Luxray|Crunch|p1a: Rotom                                                                                     |-damage|p1a: Rotom|177/224                                                                                             |                                                                                                                       |-heal|p1a: Rotom|191/224|[from] item: Leftovers                                                                        |-damage|p2a: Luxray|94/284 brn|[from] brn                                                                              |upkeep                                                                                                                 |turn|4                                                                                                                 |                                                                                                                       |t:|1743371817                                                                                                          |move|p1a: Rotom|Thunderbolt|p2a: Luxray                                                                                |-resisted|p2a: Luxray                                                                                                  |-damage|p2a: Luxray|44/284 brn                                                                                         |move|p2a: Luxray|Superpower|p1a: Rotom                                                                                 |-resisted|p1a: Rotom                                                                                                   |-damage|p1a: Rotom|158/224                                                                                             |-unboost|p2a: Luxray|atk|1                                                                                             |-unboost|p2a: Luxray|def|1                                                                                             |                                                                                                                       |-heal|p1a: Rotom|172/224|[from] item: Leftovers                                                                        |-damage|p2a: Luxray|27/284 brn|[from] brn                                                                              |upkeep                                                                                                                 |turn|5                                                                                                                 |                                                                                                                       |t:|1743371817                                                                                                          |move|p1a: Rotom|Thunderbolt|p2a: Luxray                                                                                |-resisted|p2a: Luxray                                                                                                  |-damage|p2a: Luxray|0 fnt                                                                                              |faint|p2a: Luxray                                                                                                      |                                                                                                                       |-heal|p1a: Rotom|186/224|[from] item: Leftovers                                                                        |upkeep                                                                                                                 |                                                                                                                       |t:|1743371817                                                                                                          |switch|p2a: Manectric|Manectric, L78, M|237/237                                                                        |turn|6                                                                                                                 |                                                                                                                       |t:|1743371817                                                                                                          |move|p2a: Manectric|Overheat|p1a: Rotom                                                                                |-crit|p1a: Rotom                                                                                                       |-damage|p1a: Rotom|80/224                                                                                              |-unboost|p2a: Manectric|spa|2                                                                                          |move|p1a: Rotom|Air Slash|p2a: Manectric                                                                               |-resisted|p2a: Manectric                                                                                               |-damage|p2a: Manectric|178/237                                                                                         |                                                                                                                       |-heal|p1a: Rotom|94/224|[from] item: Leftovers                                                                         |upkeep                                                                                                                 |turn|7                                                                                                                 |                                                                                                                       |t:|1743371817                                                                                                          |move|p2a: Manectric|Volt Switch|p1a: Rotom                                                                             |-damage|p1a: Rotom|66/224                                                                                              |                                                                                                                       |t:|1743371817                                                                                                          |switch|p2a: Noivern|Noivern, L83, F|277/277|[from] Volt Switch                                                         |move|p1a: Rotom|Defog|p2a: Noivern                                                                                     |-unboost|p2a: Noivern|evasion|1                                                                                        |                                                                                                                       |-heal|p1a: Rotom|80/224|[from] item: Leftovers                                                                         |upkeep                                                                                                                 |turn|8                                                                                                                 |                                                                                                                       |t:|1743371817                                                                                                          |move|p2a: Noivern|Flamethrower|p1a: Rotom                                                                              |-damage|p1a: Rotom|0 fnt                                                                                               |debug|move failed because it did nothing                                                                               |faint|p1a: Rotom                                                                                                       |                                                                                                                       |upkeep                                                                                                                 |                                                                                                                       |t:|1743371817                                                                                                          |switch|p1a: Gigalith|Gigalith, L82, M|274/274                                                                          |-weather|Sandstorm|[from] ability: Sand Stream|[of] p1a: Gigalith                                                      |turn|9                                                                                                                 |                                                                                                                       |t:|1743371817                                                                                                          |move|p2a: Noivern|Flamethrower|p1a: Gigalith                                                                           |-resisted|p1a: Gigalith                                                                                                |-damage|p1a: Gigalith|238/274                                                                                          |move|p1a: Gigalith|Stealth Rock|p2a: Noivern                                                                           |-sidestart|p2: Bot 2|move: Stealth Rock                                                                                |                                                                                                                       |-weather|Sandstorm|[upkeep]                                                                                            |-damage|p2a: Noivern|260/277|[from] Sandstorm                                                                          |debug|natural status immunity                                                                                          |debug|weather immunity                                                                                                 |-heal|p1a: Gigalith|255/274|[from] item: Leftovers                                                                     |upkeep                                                                                                                 |turn|10                                                                                                                |                                                                                                                       |t:|1743371817                                                                                                          |move|p2a: Noivern|Flamethrower|p1a: Gigalith                                                                           |-resisted|p1a: Gigalith                                                                                                |-damage|p1a: Gigalith|221/274                                                                                          |move|p1a: Gigalith|Toxic|p2a: Noivern                                                                                  |-status|p2a: Noivern|tox                                                                                               |                                                                                                                       |-weather|Sandstorm|[upkeep]                                                                                            |-damage|p2a: Noivern|243/277 tox|[from] Sandstorm                                                                      |debug|natural status immunity                                                                                          |debug|weather immunity                                                                                                 |-heal|p1a: Gigalith|238/274|[from] item: Leftovers                                                                     |-damage|p2a: Noivern|226/277 tox|[from] psn                                                                            |upkeep                                                                                                                 |turn|11                                                                                                                |                                                                                                                       |t:|1743371817                                                                                                          |move|p2a: Noivern|Flamethrower|p1a: Gigalith                                                                           |-resisted|p1a: Gigalith                                                                                                |-damage|p1a: Gigalith|202/274                                                                                          |move|p1a: Gigalith|Stealth Rock||[still]                                                                               |-fail|p1a: Gigalith                                                                                                    |debug|move failed because it did nothing                                                                               |                                                                                                                       |-weather|Sandstorm|[upkeep]                                                                                            |-damage|p2a: Noivern|209/277 tox|[from] Sandstorm                                                                      |debug|natural status immunity                                                                                          |debug|weather immunity                                                                                                 |-heal|p1a: Gigalith|219/274|[from] item: Leftovers                                                                     |-damage|p2a: Noivern|175/277 tox|[from] psn                                                                            |upkeep                                                                                                                 |turn|12                                                                                                                |                                                                                                                       |t:|1743371817                                                                                                          |move|p2a: Noivern|Flamethrower|p1a: Gigalith                                                                           |-resisted|p1a: Gigalith                                                                                                |-damage|p1a: Gigalith|184/274                                                                                          |move|p1a: Gigalith|Toxic|p2a: Noivern                                                                                  |-fail|p2a: Noivern|tox                                                                                                 |debug|move failed because it did nothing                                                                               |                                                                                                                       |-weather|Sandstorm|[upkeep]                                                                                            |-damage|p2a: Noivern|158/277 tox|[from] Sandstorm                                                                      |debug|natural status immunity                                                                                          |debug|weather immunity                                                                                                 |-heal|p1a: Gigalith|201/274|[from] item: Leftovers                                                                     |-damage|p2a: Noivern|107/277 tox|[from] psn                                                                            |upkeep                                                                                                                 |turn|13                                                                                                                |                                                                                                                       |t:|1743371817                                                                                                          |move|p2a: Noivern|Flamethrower|p1a: Gigalith                                                                           |-resisted|p1a: Gigalith                                                                                                |-damage|p1a: Gigalith|165/274                                                                                          |move|p1a: Gigalith|Earthquake|p2a: Noivern                                                                             |-immune|p2a: Noivern                                                                                                   |                                                                                                                       |-weather|none                                                                                                          |-heal|p1a: Gigalith|182/274|[from] item: Leftovers                                                                     |-damage|p2a: Noivern|39/277 tox|[from] psn                                                                             |upkeep                                                                                                                 |turn|14                                                                                                                |                                                                                                                       |t:|1743371817                                                                                                          |move|p2a: Noivern|Flamethrower|p1a: Gigalith                                                                           |-resisted|p1a: Gigalith                                                                                                |-damage|p1a: Gigalith|133/274                                                                                          |move|p1a: Gigalith|Toxic|p2a: Noivern                                                                                  |-fail|p2a: Noivern|tox                                                                                                 |debug|move failed because it did nothing                                                                               |                                                                                                                       |-heal|p1a: Gigalith|150/274|[from] item: Leftovers                                                                     |-damage|p2a: Noivern|0 fnt|[from] psn                                                                                  |faint|p2a: Noivern                                                                                                     |upkeep                                                                                                                 |                                                                                                                       |t:|1743371817                                                                                                          |switch|p2a: Manectric|Manectric, L78, M|178/237                                                                        |-damage|p2a: Manectric|149/237|[from] Stealth Rock                                                                     |turn|15                                                                                                                |                                                                                                                       |t:|1743371817                                                                                                          |move|p2a: Manectric|Volt Switch|p1a: Gigalith                                                                          |-crit|p1a: Gigalith                                                                                                    |-damage|p1a: Gigalith|27/274                                                                                           |                                                                                                                       |t:|1743371817                                                                                                          |switch|p2a: Hitmontop|Hitmontop, L89, M|234/234|[from] Volt Switch                                                     |-damage|p2a: Hitmontop|220/234|[from] Stealth Rock                                                                     |-ability|p2a: Hitmontop|Intimidate|boost                                                                               |-unboost|p1a: Gigalith|atk|1                                                                                           |move|p1a: Gigalith|Stone Edge|p2a: Hitmontop                                                                           |-resisted|p2a: Hitmontop                                                                                               |-damage|p2a: Hitmontop|180/234                                                                                         |                                                                                                                       |-heal|p1a: Gigalith|44/274|[from] item: Leftovers                                                                      |upkeep                                                                                                                 |turn|16                                                                                                                |                                                                                                                       |t:|1743371817                                                                                                          |move|p2a: Hitmontop|Stone Edge|p1a: Gigalith                                                                           |-damage|p1a: Gigalith|0 fnt                                                                                            |faint|p1a: Gigalith                                                                                                    |                                                                                                                       |upkeep                                                                                                                 |                                                                                                                       |t:|1743371817                                                                                                          |switch|p1a: Meowstic|Meowstic-F, L90, F|280/280                                                                        |turn|17                                                                                                                |                                                                                                                       |t:|1743371817                                                                                                          |move|p1a: Meowstic|Signal Beam|p2a: Hitmontop                                                                          |-resisted|p2a: Hitmontop                                                                                               |-damage|p2a: Hitmontop|162/234                                                                                         |-damage|p1a: Meowstic|252/280|[from] item: Life Orb                                                                    |move|p2a: Hitmontop|Earthquake|p1a: Meowstic                                                                           |-damage|p1a: Meowstic|166/280                                                                                          |                                                                                                                       |upkeep                                                                                                                 |turn|18                                                                                                                |                                                                                                                       |t:|1743371817                                                                                                          |move|p1a: Meowstic|Dark Pulse|p2a: Hitmontop                                                                           |-resisted|p2a: Hitmontop                                                                                               |-damage|p2a: Hitmontop|143/234                                                                                         |-damage|p1a: Meowstic|138/280|[from] item: Life Orb                                                                    |cant|p2a: Hitmontop|flinch                                                                                             |                                                                                                                       |upkeep                                                                                                                 |turn|19                                                                                                                |                                                                                                                       |t:|1743371817                                                                                                          |move|p1a: Meowstic|Calm Mind|p1a: Meowstic                                                                             |-boost|p1a: Meowstic|spa|1                                                                                             |-boost|p1a: Meowstic|spd|1                                                                                             |move|p2a: Hitmontop|Close Combat|p1a: Meowstic                                                                         |-resisted|p1a: Meowstic                                                                                                |-damage|p1a: Meowstic|67/280                                                                                           |-unboost|p2a: Hitmontop|def|1                                                                                          |-unboost|p2a: Hitmontop|spd|1                                                                                          |                                                                                                                       |upkeep                                                                                                                 |turn|20                                                                                                                |                                                                                                                       |t:|1743371817                                                                                                          |move|p1a: Meowstic|Signal Beam|p2a: Hitmontop                                                                          |-resisted|p2a: Hitmontop                                                                                               |-damage|p2a: Hitmontop|103/234                                                                                         |-damage|p1a: Meowstic|39/280|[from] item: Life Orb                                                                     |move|p2a: Hitmontop|Earthquake|p1a: Meowstic                                                                           |-damage|p1a: Meowstic|0 fnt                                                                                            |faint|p1a: Meowstic                                                                                                    |                                                                                                                       |upkeep                                                                                                                 |                                                                                                                       |t:|1743371817                                                                                                          |switch|p1a: Torterra|Torterra, L88, M|310/310                                                                          |turn|21                                                                                                                |                                                                                                                       |t:|1743371817                                                                                                          |move|p2a: Hitmontop|Stone Edge|p1a: Torterra                                                                           |-resisted|p1a: Torterra                                                                                                |-damage|p1a: Torterra|280/310                                                                                          |move|p1a: Torterra|Wood Hammer|p2a: Hitmontop                                                                          |-damage|p2a: Hitmontop|0 fnt                                                                                           |faint|p2a: Hitmontop                                                                                                   |-damage|p1a: Torterra|246/310|[from] Recoil                                                                            |                                                                                                                       |-heal|p1a: Torterra|265/310|[from] item: Leftovers                                                                     |upkeep                                                                                                                 |                                                                                                                       |t:|1743371817                                                                                                          |switch|p2a: Girafarig|Girafarig, L95, F|287/287                                                                        |-damage|p2a: Girafarig|252/287|[from] Stealth Rock                                                                     |turn|22                                                                                                                |                                                                                                                       |t:|1743371817                                                                                                          |move|p2a: Girafarig|Hyper Voice|p1a: Torterra                                                                          |-damage|p1a: Torterra|116/310                                                                                          |-damage|p2a: Girafarig|224/287|[from] item: Life Orb                                                                   |move|p1a: Torterra|Earthquake|p2a: Girafarig                                                                           |-damage|p2a: Girafarig|80/287                                                                                          |                                                                                                                       |-heal|p1a: Torterra|135/310|[from] item: Leftovers                                                                     |upkeep                                                                                                                 |turn|23                                                                                                                |                                                                                                                       |t:|1743371817                                                                                                          |move|p2a: Girafarig|Thunderbolt|p1a: Torterra                                                                          |-immune|p1a: Torterra                                                                                                  |move|p1a: Torterra|Earthquake|p2a: Girafarig                                                                           |-damage|p2a: Girafarig|0 fnt                                                                                           |faint|p2a: Girafarig                                                                                                   |                                                                                                                       |-heal|p1a: Torterra|154/310|[from] item: Leftovers                                                                     |upkeep                                                                                                                 |                                                                                                                       |t:|1743371817                                                                                                          |switch|p2a: Manectric|Manectric, L78, M|149/237                                                                        |-damage|p2a: Manectric|120/237|[from] Stealth Rock                                                                     |turn|24                                                                                                                |                                                                                                                       |t:|1743371817                                                                                                          |move|p2a: Manectric|Overheat|p1a: Torterra                                                                             |-supereffective|p1a: Torterra                                                                                          |-damage|p1a: Torterra|0 fnt                                                                                            |-unboost|p2a: Manectric|spa|2                                                                                          |faint|p1a: Torterra                                                                                                    |                                                                                                                       |upkeep                                                                                                                 |                                                                                                                       |t:|1743371817                                                                                                          |switch|p1a: Bibarel|Bibarel, L89, M|285/285                                                                            |turn|25                                                                                                                |                                                                                                                       |t:|1743371817                                                                                                          |move|p1a: Bibarel|Quick Attack|p2a: Manectric                                                                          |-damage|p2a: Manectric|45/237                                                                                          |-damage|p1a: Bibarel|257/285|[from] item: Life Orb                                                                     |move|p2a: Manectric|Overheat|p1a: Bibarel                                                                              |-resisted|p1a: Bibarel                                                                                                 |-damage|p1a: Bibarel|232/285                                                                                           |-unboost|p2a: Manectric|spa|2                                                                                          |                                                                                                                       |upkeep                                                                                                                 |turn|26                                                                                                                |                                                                                                                       |t:|1743371817                                                                                                          |move|p2a: Manectric|Thunderbolt|p1a: Bibarel                                                                           |-supereffective|p1a: Bibarel                                                                                           |-damage|p1a: Bibarel|158/285                                                                                           |move|p1a: Bibarel|Liquidation|p2a: Manectric                                                                           |-damage|p2a: Manectric|0 fnt                                                                                           |faint|p2a: Manectric                                                                                                   |-damage|p1a: Bibarel|130/285|[from] item: Life Orb                                                                     |                                                                                                                       |upkeep                                                                                                                 |                                                                                                                       |t:|1743371817                                                                                                          |switch|p2a: Slaking|Slaking, L84, M|389/389                                                                            |-damage|p2a: Slaking|341/389|[from] Stealth Rock                                                                       |turn|27                                                                                                                |                                                                                                                       |t:|1743371817                                                                                                          |move|p2a: Slaking|Night Slash|p1a: Bibarel                                                                             |-crit|p1a: Bibarel                                                                                                     |-damage|p1a: Bibarel|0 fnt                                                                                             |faint|p1a: Bibarel                                                                                                     |                                                                                                                       |win|Bot 2 p1 is RandomPlayerAI
p2 is RandomPlayerAI
|t:|1743371817
|gametype|singles
|player|p1|Bot 1||
|player|p2|Bot 2||
|teamsize|p1|6
|teamsize|p2|6
|gen|7
|tier|[Gen 7] Custom Game
|clearpoke
|poke|p1|Ditto, L83|item
|poke|p1|Bibarel, L89, M|item
|poke|p1|Torterra, L88, M|item
|poke|p1|Meowstic-F, L90, F|item
|poke|p1|Rotom-Fan, L85|item
|poke|p1|Gigalith, L82, M|item
|poke|p2|Luxray, L88, M|item
|poke|p2|Slaking, L84, M|item
|poke|p2|Manectric, L78, M|item
|poke|p2|Girafarig, L95, F|item
|poke|p2|Noivern, L83, F|item
|poke|p2|Hitmontop, L89, M|item
|teampreview
|
|t:|1743371817
|start
|switch|p1a: Ditto|Ditto, L83|215/215
|switch|p2a: Luxray|Luxray, L88, M|284/284
|-transform|p1a: Ditto|p2a: Luxray|[from] ability: Imposter
|turn|1
|
|t:|1743371817
|move|p1a: Ditto|Facade|p2a: Luxray
|-damage|p2a: Luxray|223/284
|move|p2a: Luxray|Superpower|p1a: Ditto
|-damage|p1a: Ditto|110/215
|-unboost|p2a: Luxray|atk|1
|-unboost|p2a: Luxray|def|1
|
|-status|p2a: Luxray|brn|[from] item: Flame Orb
|upkeep
|turn|2
|
|t:|1743371817
|move|p1a: Ditto|Facade|p2a: Luxray
|-damage|p2a: Luxray|128/284 brn
|move|p2a: Luxray|Superpower|p1a: Ditto
|-damage|p1a: Ditto|0 fnt
|-unboost|p2a: Luxray|atk|1
|-unboost|p2a: Luxray|def|1
|faint|p1a: Ditto
|
|-damage|p2a: Luxray|111/284 brn|[from] brn
|upkeep
|
|t:|1743371817
|switch|p1a: Rotom|Rotom-Fan, L85|224/224
|turn|3
|
|t:|1743371817
|move|p1a: Rotom|Defog|p2a: Luxray
|-unboost|p2a: Luxray|evasion|1
|move|p2a: Luxray|Crunch|p1a: Rotom
|-damage|p1a: Rotom|177/224
|
|-heal|p1a: Rotom|191/224|[from] item: Leftovers
|-damage|p2a: Luxray|94/284 brn|[from] brn
|upkeep
|turn|4
|
|t:|1743371817
|move|p1a: Rotom|Thunderbolt|p2a: Luxray
|-resisted|p2a: Luxray
|-damage|p2a: Luxray|44/284 brn
|move|p2a: Luxray|Superpower|p1a: Rotom
|-resisted|p1a: Rotom
|-damage|p1a: Rotom|158/224
|-unboost|p2a: Luxray|atk|1
|-unboost|p2a: Luxray|def|1
|
|-heal|p1a: Rotom|172/224|[from] item: Leftovers
|-damage|p2a: Luxray|27/284 brn|[from] brn
|upkeep
|turn|5
|
|t:|1743371817
|move|p1a: Rotom|Thunderbolt|p2a: Luxray
|-resisted|p2a: Luxray
|-damage|p2a: Luxray|0 fnt
|faint|p2a: Luxray
|
|-heal|p1a: Rotom|186/224|[from] item: Leftovers
|upkeep
|
|t:|1743371817
|switch|p2a: Manectric|Manectric, L78, M|237/237
|turn|6
|
|t:|1743371817
|move|p2a: Manectric|Overheat|p1a: Rotom
|-crit|p1a: Rotom
|-damage|p1a: Rotom|80/224
|-unboost|p2a: Manectric|spa|2
|move|p1a: Rotom|Air Slash|p2a: Manectric
|-resisted|p2a: Manectric
|-damage|p2a: Manectric|178/237
|
|-heal|p1a: Rotom|94/224|[from] item: Leftovers
|upkeep
|turn|7
|
|t:|1743371817
|move|p2a: Manectric|Volt Switch|p1a: Rotom
|-damage|p1a: Rotom|66/224
|
|t:|1743371817
|switch|p2a: Noivern|Noivern, L83, F|277/277|[from] Volt Switch
|move|p1a: Rotom|Defog|p2a: Noivern
|-unboost|p2a: Noivern|evasion|1
|
|-heal|p1a: Rotom|80/224|[from] item: Leftovers
|upkeep
|turn|8
|
|t:|1743371817
|move|p2a: Noivern|Flamethrower|p1a: Rotom
|-damage|p1a: Rotom|0 fnt
|debug|move failed because it did nothing
|faint|p1a: Rotom
|
|upkeep
|
|t:|1743371817
|switch|p1a: Gigalith|Gigalith, L82, M|274/274
|-weather|Sandstorm|[from] ability: Sand Stream|[of] p1a: Gigalith
|turn|9
|
|t:|1743371817
|move|p2a: Noivern|Flamethrower|p1a: Gigalith
|-resisted|p1a: Gigalith
|-damage|p1a: Gigalith|238/274
|move|p1a: Gigalith|Stealth Rock|p2a: Noivern
|-sidestart|p2: Bot 2|move: Stealth Rock
|
|-weather|Sandstorm|[upkeep]
|-damage|p2a: Noivern|260/277|[from] Sandstorm
|debug|natural status immunity
|debug|weather immunity
|-heal|p1a: Gigalith|255/274|[from] item: Leftovers
|upkeep
|turn|10
|
|t:|1743371817
|move|p2a: Noivern|Flamethrower|p1a: Gigalith
|-resisted|p1a: Gigalith
|-damage|p1a: Gigalith|221/274
|move|p1a: Gigalith|Toxic|p2a: Noivern
|-status|p2a: Noivern|tox
|
|-weather|Sandstorm|[upkeep]
|-damage|p2a: Noivern|243/277 tox|[from] Sandstorm
|debug|natural status immunity
|debug|weather immunity
|-heal|p1a: Gigalith|238/274|[from] item: Leftovers
|-damage|p2a: Noivern|226/277 tox|[from] psn
|upkeep
|turn|11
|
|t:|1743371817
|move|p2a: Noivern|Flamethrower|p1a: Gigalith
|-resisted|p1a: Gigalith
|-damage|p1a: Gigalith|202/274
|move|p1a: Gigalith|Stealth Rock||[still]
|-fail|p1a: Gigalith
|debug|move failed because it did nothing
|
|-weather|Sandstorm|[upkeep]
|-damage|p2a: Noivern|209/277 tox|[from] Sandstorm
|debug|natural status immunity
|debug|weather immunity
|-heal|p1a: Gigalith|219/274|[from] item: Leftovers
|-damage|p2a: Noivern|175/277 tox|[from] psn
|upkeep
|turn|12
|
|t:|1743371817
|move|p2a: Noivern|Flamethrower|p1a: Gigalith
|-resisted|p1a: Gigalith
|-damage|p1a: Gigalith|184/274
|move|p1a: Gigalith|Toxic|p2a: Noivern
|-fail|p2a: Noivern|tox
|debug|move failed because it did nothing
|
|-weather|Sandstorm|[upkeep]
|-damage|p2a: Noivern|158/277 tox|[from] Sandstorm
|debug|natural status immunity
|debug|weather immunity
|-heal|p1a: Gigalith|201/274|[from] item: Leftovers
|-damage|p2a: Noivern|107/277 tox|[from] psn
|upkeep
|turn|13
|
|t:|1743371817
|move|p2a: Noivern|Flamethrower|p1a: Gigalith
|-resisted|p1a: Gigalith
|-damage|p1a: Gigalith|165/274
|move|p1a: Gigalith|Earthquake|p2a: Noivern
|-immune|p2a: Noivern
|
|-weather|none
|-heal|p1a: Gigalith|182/274|[from] item: Leftovers
|-damage|p2a: Noivern|39/277 tox|[from] psn
|upkeep
|turn|14
|
|t:|1743371817
|move|p2a: Noivern|Flamethrower|p1a: Gigalith
|-resisted|p1a: Gigalith
|-damage|p1a: Gigalith|133/274
|move|p1a: Gigalith|Toxic|p2a: Noivern
|-fail|p2a: Noivern|tox
|debug|move failed because it did nothing
|
|-heal|p1a: Gigalith|150/274|[from] item: Leftovers
|-damage|p2a: Noivern|0 fnt|[from] psn
|faint|p2a: Noivern
|upkeep
|
|t:|1743371817
|switch|p2a: Manectric|Manectric, L78, M|178/237
|-damage|p2a: Manectric|149/237|[from] Stealth Rock
|turn|15
|
|t:|1743371817
|move|p2a: Manectric|Volt Switch|p1a: Gigalith
|-crit|p1a: Gigalith
|-damage|p1a: Gigalith|27/274
|
|t:|1743371817
|switch|p2a: Hitmontop|Hitmontop, L89, M|234/234|[from] Volt Switch
|-damage|p2a: Hitmontop|220/234|[from] Stealth Rock
|-ability|p2a: Hitmontop|Intimidate|boost
|-unboost|p1a: Gigalith|atk|1
|move|p1a: Gigalith|Stone Edge|p2a: Hitmontop
|-resisted|p2a: Hitmontop
|-damage|p2a: Hitmontop|180/234
|
|-heal|p1a: Gigalith|44/274|[from] item: Leftovers
|upkeep
|turn|16
|
|t:|1743371817
|move|p2a: Hitmontop|Stone Edge|p1a: Gigalith
|-damage|p1a: Gigalith|0 fnt
|faint|p1a: Gigalith
|
|upkeep
|
|t:|1743371817
|switch|p1a: Meowstic|Meowstic-F, L90, F|280/280
|turn|17
|
|t:|1743371817
|move|p1a: Meowstic|Signal Beam|p2a: Hitmontop
|-resisted|p2a: Hitmontop
|-damage|p2a: Hitmontop|162/234
|-damage|p1a: Meowstic|252/280|[from] item: Life Orb
|move|p2a: Hitmontop|Earthquake|p1a: Meowstic
|-damage|p1a: Meowstic|166/280
|
|upkeep
|turn|18
|
|t:|1743371817
|move|p1a: Meowstic|Dark Pulse|p2a: Hitmontop
|-resisted|p2a: Hitmontop
|-damage|p2a: Hitmontop|143/234
|-damage|p1a: Meowstic|138/280|[from] item: Life Orb
|cant|p2a: Hitmontop|flinch
|
|upkeep
|turn|19
|
|t:|1743371817
|move|p1a: Meowstic|Calm Mind|p1a: Meowstic
|-boost|p1a: Meowstic|spa|1
|-boost|p1a: Meowstic|spd|1
|move|p2a: Hitmontop|Close Combat|p1a: Meowstic
|-resisted|p1a: Meowstic
|-damage|p1a: Meowstic|67/280
|-unboost|p2a: Hitmontop|def|1
|-unboost|p2a: Hitmontop|spd|1
|
|upkeep
|turn|20
|
|t:|1743371817
|move|p1a: Meowstic|Signal Beam|p2a: Hitmontop
|-resisted|p2a: Hitmontop
|-damage|p2a: Hitmontop|103/234
|-damage|p1a: Meowstic|39/280|[from] item: Life Orb
|move|p2a: Hitmontop|Earthquake|p1a: Meowstic
|-damage|p1a: Meowstic|0 fnt
|faint|p1a: Meowstic
|
|upkeep
|
|t:|1743371817
|switch|p1a: Torterra|Torterra, L88, M|310/310
|turn|21
|
|t:|1743371817
|move|p2a: Hitmontop|Stone Edge|p1a: Torterra
|-resisted|p1a: Torterra
|-damage|p1a: Torterra|280/310
|move|p1a: Torterra|Wood Hammer|p2a: Hitmontop
|-damage|p2a: Hitmontop|0 fnt
|faint|p2a: Hitmontop
|-damage|p1a: Torterra|246/310|[from] Recoil
|
|-heal|p1a: Torterra|265/310|[from] item: Leftovers
|upkeep
|
|t:|1743371817
|switch|p2a: Girafarig|Girafarig, L95, F|287/287
|-damage|p2a: Girafarig|252/287|[from] Stealth Rock
|turn|22
|
|t:|1743371817
|move|p2a: Girafarig|Hyper Voice|p1a: Torterra
|-damage|p1a: Torterra|116/310
|-damage|p2a: Girafarig|224/287|[from] item: Life Orb
|move|p1a: Torterra|Earthquake|p2a: Girafarig
|-damage|p2a: Girafarig|80/287
|
|-heal|p1a: Torterra|135/310|[from] item: Leftovers
|upkeep
|turn|23
|
|t:|1743371817
|move|p2a: Girafarig|Thunderbolt|p1a: Torterra
|-immune|p1a: Torterra
|move|p1a: Torterra|Earthquake|p2a: Girafarig
|-damage|p2a: Girafarig|0 fnt
|faint|p2a: Girafarig
|
|-heal|p1a: Torterra|154/310|[from] item: Leftovers
|upkeep
|
|t:|1743371817
|switch|p2a: Manectric|Manectric, L78, M|149/237
|-damage|p2a: Manectric|120/237|[from] Stealth Rock
|turn|24
|
|t:|1743371817
|move|p2a: Manectric|Overheat|p1a: Torterra
|-supereffective|p1a: Torterra
|-damage|p1a: Torterra|0 fnt
|-unboost|p2a: Manectric|spa|2
|faint|p1a: Torterra
|
|upkeep
|
|t:|1743371817
|switch|p1a: Bibarel|Bibarel, L89, M|285/285
|turn|25
|
|t:|1743371817
|move|p1a: Bibarel|Quick Attack|p2a: Manectric
|-damage|p2a: Manectric|45/237
|-damage|p1a: Bibarel|257/285|[from] item: Life Orb
|move|p2a: Manectric|Overheat|p1a: Bibarel
|-resisted|p1a: Bibarel
|-damage|p1a: Bibarel|232/285
|-unboost|p2a: Manectric|spa|2
|
|upkeep
|turn|26
|
|t:|1743371817
|move|p2a: Manectric|Thunderbolt|p1a: Bibarel
|-supereffective|p1a: Bibarel
|-damage|p1a: Bibarel|158/285
|move|p1a: Bibarel|Liquidation|p2a: Manectric
|-damage|p2a: Manectric|0 fnt
|faint|p2a: Manectric
|-damage|p1a: Bibarel|130/285|[from] item: Life Orb
|
|upkeep
|
|t:|1743371817
|switch|p2a: Slaking|Slaking, L84, M|389/389
|-damage|p2a: Slaking|341/389|[from] Stealth Rock
|turn|27
|
|t:|1743371817
|move|p2a: Slaking|Night Slash|p1a: Bibarel
|-crit|p1a: Bibarel
|-damage|p1a: Bibarel|0 fnt
|faint|p1a: Bibarel
|
|win|Bot 2